
@article{adcock2001,
	title = {Measurement Validity: A Shared Standard for Qualitative and Quantitative Research},
	author = {Adcock, Robert and Collier, David},
	year = {2001},
	month = {09},
	date = {2001-09},
	journal = {American Political Science Review},
	pages = {529--546},
	volume = {95},
	number = {3},
	doi = {10.1017/S0003055401003100},
	url = {https://www.cambridge.org/core/journals/american-political-science-review/article/measurement-validity-a-shared-standard-for-qualitative-and-quantitative-research/91C7A9800DB26A76EBBABC5889A50C8B},
	note = {Publisher: Cambridge University Press},
	langid = {en}
}
